<record><leader>00000cas a22000007a 4500</leader><controlfield tag="001">19892657</controlfield><controlfield tag="008">890618d190u1903nyuwr ne      0    0eng d</controlfield><datafield ind1=" " ind2=" " tag="010"><subfield code="a">sn 89071298 </subfield></datafield><datafield ind1=" " ind2=" " tag="040"><subfield code="a">NYS</subfield><subfield code="b">eng</subfield><subfield code="c">NYS</subfield><subfield code="d">OCLCQ</subfield></datafield><datafield ind1=" " ind2=" " tag="042"><subfield code="a">msc</subfield></datafield><datafield ind1="0" ind2="0" tag="245"><subfield code="a">Genesee Valley courier.</subfield></datafield><datafield ind1=" " ind2=" " tag="260"><subfield code="a">Avon, N.Y. :</subfield><subfield code="b">O.J. Connell</subfield></datafield><datafield ind1=" " ind2=" " tag="300"><subfield code="a">v.</subfield></datafield><datafield ind1=" " ind2=" " tag="310"><subfield code="a">Weekly</subfield></datafield><datafield ind1="1" ind2=" " tag="362"><subfield code="a">Ceased in 1903.</subfield></datafield><datafield ind1=" " ind2=" " tag="588"><subfield code="a">Description based on: Vol. 6, no. 13 (July 29, 1903).</subfield></datafield><datafield ind1=" " ind2=" " tag="752"><subfield code="a">United States</subfield><subfield code="b">New York</subfield><subfield code="c">Livingston</subfield><subfield code="d">Avon.</subfield></datafield><datafield ind1="0" ind2="0" tag="780"><subfield code="t">Livingston County dispatch</subfield><subfield code="w">(DLC)sn 89071057</subfield></datafield><datafield ind1="0" ind2="7" tag="785"><subfield code="t">Avon herald (Avon, N.Y. : 1894)</subfield><subfield code="w">(DLC)sn 88074559</subfield></datafield><datafield ind1="0" ind2="7" tag="785"><subfield code="t">Avon herald and courier</subfield><subfield code="w">(DLC)sn 88074748</subfield></datafield></record>